<record><leader>00000cas a2200000 a 4500</leader><controlfield tag="001">1567261</controlfield><controlfield tag="008">750824d19651972nyuer ne      0    0eng c</controlfield><datafield ind1=" " ind2=" " tag="010"><subfield code="a">sn 87060234 </subfield></datafield><datafield ind1=" " ind2=" " tag="040"><subfield code="a">MUL</subfield><subfield code="b">eng</subfield><subfield code="c">MUL</subfield><subfield code="d">OCL</subfield><subfield code="d">KNP</subfield><subfield code="d">NPH</subfield><subfield code="d">NST</subfield><subfield code="d">OCL</subfield><subfield code="d">KNP</subfield><subfield code="d">RHN</subfield><subfield code="d">NVF</subfield><subfield code="d">EYM</subfield><subfield code="d">CNW</subfield><subfield code="d">NVK</subfield><subfield code="d">MHN</subfield><subfield code="d">CVF</subfield><subfield code="d">NYS</subfield><subfield code="d">CUS</subfield><subfield code="d">OHRRH</subfield><subfield code="d">OCLCQ</subfield><subfield code="d">OCLCO</subfield><subfield code="d">OCLCF</subfield><subfield code="d">COO</subfield><subfield code="d">OCLCO</subfield></datafield><datafield ind1=" " ind2=" " tag="012"><subfield code="i">9006</subfield></datafield><datafield ind1=" " ind2=" " tag="022"><subfield code="a">0012-8562</subfield></datafield><datafield ind1="1" ind2=" " tag="029"><subfield code="a">AU@</subfield><subfield code="b">000005345772</subfield></datafield><datafield ind1=" " ind2=" " tag="042"><subfield code="a">pcc</subfield></datafield><datafield ind1=" " ind2=" " tag="043"><subfield code="a">n-us-ny</subfield></datafield><datafield ind1="1" ind2="4" tag="050"><subfield code="a">AP2</subfield><subfield code="b">.E158</subfield></datafield><datafield ind1="0" ind2="4" tag="245"><subfield code="a">The East Village other.</subfield></datafield><datafield ind1="3" ind2="0" tag="246"><subfield code="a">Other</subfield></datafield><datafield ind1=" " ind2=" " tag="260"><subfield code="a">New York, N.Y. :</subfield><subfield code="b">Joint College Patarealism,</subfield><subfield code="c">1965-1972.</subfield></datafield><datafield ind1=" " ind2=" " tag="300"><subfield code="a">7 v. :</subfield><subfield code="b">ill. ;</subfield><subfield code="c">43 cm.</subfield></datafield><datafield ind1=" " ind2=" " tag="310"><subfield code="a">Biweekly,</subfield><subfield code="b">July 21/28, 1971-1972</subfield></datafield><datafield ind1=" " ind2=" " tag="321"><subfield code="a">Monthly,</subfield><subfield code="b">Oct. 1965-Jan. 1966</subfield></datafield><datafield ind1=" " ind2=" " tag="321"><subfield code="a">Semimonthly,</subfield><subfield code="b">Feb. 1, 1966-Jan. 1, 1968</subfield></datafield><datafield ind1=" " ind2=" " tag="321"><subfield code="a">Weekly,</subfield><subfield code="b">Jan. 5, 1968-July 14, 1971</subfield></datafield><datafield ind1="0" ind2=" " tag="362"><subfield code="a">Vol. 1, no. 1 (Oct. [1965])-v. 7, no. 3 (Feb. 20, 1972).</subfield></datafield><datafield ind1=" " ind2=" " tag="500"><subfield code="a">Published as: The Other, &lt;Sept. 6-13, 1968&gt;.</subfield></datafield><datafield ind1=" " ind2=" " tag="500"><subfield code="a">Published at: 105 Second Ave., New York, N.Y. 10003.</subfield></datafield><datafield ind1=" " ind2=" " tag="530"><subfield code="a">Available on microfilm from UMI as part of the Underground Newspaper/Press collection.</subfield></datafield><datafield ind1=" " ind2=" " tag="550"><subfield code="a">Issued by: East Village Other, Inc., &lt;Jan. 1966-&gt;</subfield></datafield><datafield ind1=" " ind2=" " tag="580"><subfield code="a">Includes a monthly comic supplement: Gothic blimp works, &lt;Mar. 1969&gt;-</subfield></datafield><datafield ind1=" " ind2=" " tag="580"><subfield code="a">Includes a monthly arts supplement: Ego, a review of the arts, &lt;Oct. 1967&gt;-</subfield></datafield><datafield ind1=" " ind2="0" tag="650"><subfield code="a">Underground press publications</subfield><subfield code="z">New York (State)</subfield><subfield code="z">New York</subfield><subfield code="v">Sources.</subfield></datafield><datafield ind1=" " ind2="0" tag="651"><subfield code="a">New York (N.Y.)</subfield><subfield code="v">Newspapers.</subfield></datafield><datafield ind1=" " ind2="0" tag="651"><subfield code="a">New York County (N.Y.)</subfield><subfield code="v">Newspapers.</subfield></datafield><datafield ind1=" " ind2="7" tag="650"><subfield code="a">Counter culture</subfield><subfield code="z">New York</subfield><subfield code="v">Newspapers.</subfield><subfield code="2">poliscit</subfield></datafield><datafield ind1=" " ind2="7" tag="655"><subfield code="a">Newspapers.</subfield><subfield code="2">fast</subfield><subfield code="0">(OCoLC)fst01423814</subfield></datafield><datafield ind1=" " ind2="7" tag="655"><subfield code="a">Sources.</subfield><subfield code="2">fast</subfield><subfield code="0">(OCoLC)fst01423900</subfield></datafield><datafield ind1=" " ind2="7" tag="650"><subfield code="a">Underground press publications.</subfield><subfield code="2">fast</subfield><subfield code="0">(OCoLC)fst01160984</subfield></datafield><datafield ind1=" " ind2="7" tag="651"><subfield code="a">New York (State)</subfield><subfield code="z">New York.</subfield><subfield code="2">fast</subfield><subfield code="0">(OCoLC)fst01204333</subfield></datafield><datafield ind1=" " ind2="7" tag="651"><subfield code="a">New York (State)</subfield><subfield code="z">New York County.</subfield><subfield code="2">fast</subfield><subfield code="0">(OCoLC)fst01234953</subfield></datafield><datafield ind1=" " ind2="7" tag="655"><subfield code="a">Underground newspapers</subfield><subfield code="z">New York.</subfield><subfield code="2">ngl</subfield></datafield><datafield ind1=" " ind2=" " tag="752"><subfield code="a">United States</subfield><subfield code="b">New York</subfield><subfield code="c">New York</subfield><subfield code="d">New York.</subfield></datafield><datafield ind1="1" ind2=" " tag="770"><subfield code="t">Gothic blimp works</subfield><subfield code="w">(DLC)sn 94024605</subfield><subfield code="w">(OCoLC)15501770</subfield></datafield><datafield ind1="1" ind2=" " tag="776"><subfield code="c">Microfilm</subfield><subfield code="w">(OCoLC)8419579</subfield></datafield><datafield ind1="1" ind2=" " tag="776"><subfield code="c">Microfilm</subfield><subfield code="w">(OCoLC)1567261</subfield></datafield><datafield ind1="1" ind2=" " tag="776"><subfield code="c">Microfilm</subfield><subfield code="d">UMI</subfield><subfield code="k">Underground newspaper collection</subfield><subfield code="k">Underground press collection</subfield><subfield code="w">(OCoLC)10261290</subfield></datafield><datafield ind1=" " ind2=" " tag="850"><subfield code="a">KU-S</subfield></datafield></record>